@article{Hogg2020,
  author        = {{Hogg}, David W. and {Price-Whelan}, Adrian M. and {Leistedt}, Boris},
  title         = {{Data Analysis Recipes: Products of multivariate Gaussians in Bayesian inferences}},
  journal       = {arXiv e-prints},
  keywords      = {Statistics - Computation, Astrophysics - Instrumentation and Methods for Astrophysics, Physics - Data Analysis, Statistics and Probability},
  year          = 2020,
  month         = may,
  eid           = {arXiv:2005.14199},
  pages         = {arXiv:2005.14199},
  archiveprefix = {arXiv},
  eprint        = {2005.14199},
  primaryclass  = {stat.CO},
  adsurl        = {https://ui.adsabs.harvard.edu/abs/2020arXiv200514199H},
  adsnote       = {Provided by the SAO/NASA Astrophysics Data System}
}

@article{Isi2019,
  author        = {{Isi}, Maximiliano and {Chatziioannou}, Katerina and {Farr}, Will M.},
  title         = {{Hierarchical Test of General Relativity with Gravitational Waves}},
  journal       = {\prl},
  keywords      = {General Relativity and Quantum Cosmology, Astrophysics - High Energy Astrophysical Phenomena, Physics - Data Analysis, Statistics and Probability},
  year          = 2019,
  month         = sep,
  volume        = {123},
  number        = {12},
  eid           = {121101},
  pages         = {121101},
  doi           = {10.1103/PhysRevLett.123.121101},
  archiveprefix = {arXiv},
  eprint        = {1904.08011},
  primaryclass  = {gr-qc},
  adsurl        = {https://ui.adsabs.harvard.edu/abs/2019PhRvL.123l1101I},
  adsnote       = {Provided by the SAO/NASA Astrophysics Data System}
}

@misc{Luger2021,
  author       = {{Luger}, Rodrigo},
  title        = {showyourwork},
  year         = {2021},
  publisher    = {GitHub},
  journal      = {GitHub repository},
  howpublished = {\url{https://github.com/rodluger/showyourwork}},
  commit       = {main}
}

@article{Miller2020,
  author        = {{Miller}, Simona and {Callister}, Thomas A. and {Farr}, Will M.},
  title         = {{The Low Effective Spin of Binary Black Holes and Implications for Individual Gravitational-wave Events}},
  journal       = {\apj},
  keywords      = {Gravitational waves, LIGO, Black holes, Compact objects, Bayesian statistics, 678, 920, 162, 288, 1900, Astrophysics - High Energy Astrophysical Phenomena},
  year          = 2020,
  month         = jun,
  volume        = {895},
  number        = {2},
  eid           = {128},
  pages         = {128},
  doi           = {10.3847/1538-4357/ab80c0},
  archiveprefix = {arXiv},
  eprint        = {2001.06051},
  primaryclass  = {astro-ph.HE},
  adsurl        = {https://ui.adsabs.harvard.edu/abs/2020ApJ...895..128M},
  adsnote       = {Provided by the SAO/NASA Astrophysics Data System}
}


@book{Scott1992,
  author  = {{Scott}, D.~W.},
  title   = {{Multivariate Density Estimation}},
  year    = 1992,
  adsurl  = {https://ui.adsabs.harvard.edu/abs/1992mde..book.....S},
  adsnote = {Provided by the SAO/NASA Astrophysics Data System}
}

